@inproceedings{StaticDynamic,
  title={{Static and Dynamic Analysis: Synergy and Duality}},
  author={Ernst, Michael D},
  booktitle={WODA 2003: ICSE Workshop on Dynamic Analysis},
  pages={24--27},
  year={2003}
}

@inproceedings{Parceive,
  title={{Parceive: Interactive Parallelization based on Dynamic Analysis}},
  author={Wilhelm, Andreas and Bharatkumar, Sharma, and Ranajoy, Malakar and
Sch\"ule, Tobias and Gerndt, Michael},
  booktitle={Program Comprehension through Dynamic Analysis (PCODA), 2015 IEEE
6th International Workshop on},
  pages={1--6},
  year={2015},
  organization={IEEE}
}

@misc{parallelstudio,
  author       = {Intel},
  title        = {{Parallel Studio XE 2015}},
  year         = {2014},
howpublished =
"\url{https://software.intel.com/en-us/intel-parallel-studio-xe}",
  note         = "[Online; accessed Dec-2014]"
}

@misc{pareon,
  author       = {{Vector Fabrics}},
  title        = {{Pareon}},
  year         = {2014},
  howpublished = "\url{http://www.vectorfabrics.com/products}",
  note         = "[Online; accessed Dec-2014]"
}

@inproceedings{pinPLDI05,
title={Pin: {B}uilding {C}ustomized {P}rogram {A}nalysis {T}ools with {D}ynamic
{I}nstrumentation},
  author={Chi-Keung Luk and
          Robert Cohn and
          Robert Muth and
          Harish Patil and
          Artur Klauser and
          Geoff Lowney and
          Steven Wallace and
          Vijay Janapa Reddi and
          Kim Hazelwood},
  booktitle={PLDI},
  year={2005}
}

@inproceedings{prospector,
title={{Prospector: A Dynamic Data-Dependence Profiler to Help Parallel
Programming}},
  author={Minjang Kim and
          Hyesoon Kim and
          Chi-Keung Luk},
  booktitle={HotPar},
  year={2010}
}

@inproceedings{amdahl,
title={{Validity of the Single Processor Approach to Achieving Large Scale
Computing Capabilities}},
  author={Gene M{.} Amdahl},
  booktitle={Proceedings of the {S}pring {J}oint {C}omputer {C}onference},
  year={1967}
}